<?xml version="1.0" encoding="UTF-8"?><collection xmlns="http://www.loc.gov/MARC21/slim"><record><leader>00387nam--2200157-i-4500</leader><controlfield tag="001">000042680</controlfield><controlfield tag="002">20161230</controlfield><controlfield tag="005">20170122222409</controlfield><controlfield tag="008">060222s1000------------r-----000-0-eng-d</controlfield><datafield ind1=" " ind2=" " tag="100"><subfield code="a">Starr, A. T</subfield></datafield><datafield ind1=" " ind2=" " tag="245"><subfield code="a">Telecommunications</subfield></datafield><datafield ind1=" " ind2=" " tag="260"><subfield code="a">London</subfield><subfield code="b">I.Pitman</subfield><subfield code="c">1954</subfield></datafield><datafield ind1=" " ind2=" " tag="300"><subfield code="a">IX + 454 p. + Fig. + 1 Pl</subfield></datafield><datafield ind1=" " ind2=" " tag="490"><subfield code="a">Eng.Degree Series</subfield></datafield><datafield ind1=" " ind2=" " tag="852"><subfield code="a">12041</subfield></datafield><datafield ind1=" " ind2=" " tag="CAT"><subfield code="a">SYS</subfield><subfield code="c">20170122</subfield><subfield code="h">222409</subfield></datafield></record></collection>